@article{zhang2023survey,
  title={A survey of mmWave-based human sensing: Technology, platforms and applications},
  author={Zhang, Jia and Xi, Rui and He, Yuan and Sun, Yimiao and Guo, Xiuzhen and Wang, Weiguo and Na, Xin and Liu, Yunhao and Shi, Zhenguo and Gu, Tao},
  journal={IEEE Communications Surveys \& Tutorials},
  year={2023},
  publisher={IEEE}
}
@article{li2019bi,
  title={Bi-LSTM network for multimodal continuous human activity recognition and fall detection},
  author={Li, Haobo and Shrestha, Aman and Heidari, Hadi and Le Kernec, Julien and Fioranelli, Francesco},
  journal={IEEE Sensors Journal},
  volume={20},
  number={3},
  pages={1191--1201},
  year={2019},
  publisher={IEEE}
}
@article{an2021mars,
  title={Mars: mmwave-based assistive rehabilitation system for smart healthcare},
  author={An, Sizhe and Ogras, Umit Y},
  journal={ACM Transactions on Embedded Computing Systems (TECS)},
  volume={20},
  number={5s},
  pages={1--22},
  year={2021},
  publisher={ACM New York, NY}
}
@article{liu2020real,
  title={Real-time arm gesture recognition in smart home scenarios via millimeter wave sensing},
  author={Liu, Haipeng and Wang, Yuheng and Zhou, Anfu and He, Hanyue and Wang, Wei and Wang, Kunpeng and Pan, Peilin and Lu, Yixuan and Liu, Liang and Ma, Huadong},
  journal={Proceedings of the ACM on interactive, mobile, wearable and ubiquitous technologies},
  volume={4},
  number={4},
  pages={1--28},
  year={2020},
  publisher={ACM New York, NY, USA}
}
@article{liu2022deep,
  title={Deep unsupervised domain adaptation: A review of recent advances and perspectives},
  author={Liu, Xiaofeng and Yoo, Chaehwa and Xing, Fangxu and Oh, Hyejin and El Fakhri, Georges and Kang, Je-Won and Woo, Jonghye and others},
  journal={APSIPA Transactions on Signal and Information Processing},
  volume={11},
  number={1},
  year={2022},
  publisher={Now Publishers, Inc.}
}
@inproceedings{xu2020adversarial,
  title={Adversarial domain adaptation with domain mixup},
  author={Xu, Minghao and Zhang, Jian and Ni, Bingbing and Li, Teng and Wang, Chengjie and Tian, Qi and Zhang, Wenjun},
  booktitle={Proceedings of the AAAI conference on artificial intelligence},
  volume={34},
  number={04},
  pages={6502--6509},
  year={2020}
}
@inproceedings{zhu2017unpaired,
  title={Unpaired image-to-image translation using cycle-consistent adversarial networks},
  author={Zhu, Jun-Yan and Park, Taesung and Isola, Phillip and Efros, Alexei A},
  booktitle={Proceedings of the IEEE international conference on computer vision},
  pages={2223--2232},
  year={2017}
}
@inproceedings{yang2023tvt,
  title={Tvt: Transferable vision transformer for unsupervised domain adaptation},
  author={Yang, Jinyu and Liu, Jingjing and Xu, Ning and Huang, Junzhou},
  booktitle={Proceedings of the IEEE/CVF Winter Conference on Applications of Computer Vision},
  pages={520--530},
  year={2023}
}
@inproceedings{han2019deep,
  title={Deep self-learning from noisy labels},
  author={Han, Jiangfan and Luo, Ping and Wang, Xiaogang},
  booktitle={Proceedings of the IEEE/CVF international conference on computer vision},
  pages={5138--5147},
  year={2019}
}
@inproceedings{jin2020minimum,
  title={Minimum class confusion for versatile domain adaptation},
  author={Jin, Ying and Wang, Ximei and Long, Mingsheng and Wang, Jianmin},
  booktitle={Computer Vision--ECCV 2020: 16th European Conference, Glasgow, UK, August 23--28, 2020, Proceedings, Part XXI 16},
  pages={464--480},
  year={2020},
  organization={Springer}
}
@inproceedings{liang2020we,
  title={Do we really need to access the source data? source hypothesis transfer for unsupervised domain adaptation},
  author={Liang, Jian and Hu, Dapeng and Feng, Jiashi},
  booktitle={International conference on machine learning},
  pages={6028--6039},
  year={2020},
  organization={PMLR}
}
@inproceedings{xia2021adaptive,
  title={Adaptive adversarial network for source-free domain adaptation},
  author={Xia, Haifeng and Zhao, Handong and Ding, Zhengming},
  booktitle={Proceedings of the IEEE/CVF international conference on computer vision},
  pages={9010--9019},
  year={2021}
}
@inproceedings{ding2022source,
  title={Source-free domain adaptation via distribution estimation},
  author={Ding, Ning and Xu, Yixing and Tang, Yehui and Xu, Chao and Wang, Yunhe and Tao, Dacheng},
  booktitle={Proceedings of the IEEE/CVF conference on computer vision and pattern recognition},
  pages={7212--7222},
  year={2022}
}
@inproceedings{venkateswara2017deep,
  title={Deep hashing network for unsupervised domain adaptation},
  author={Venkateswara, Hemanth and Eusebio, Jose and Chakraborty, Shayok and Panchanathan, Sethuraman},
  booktitle={Proceedings of the IEEE conference on computer vision and pattern recognition},
  pages={5018--5027},
  year={2017}
}
@inproceedings{sakaridis2019guided,
  title={Guided curriculum model adaptation and uncertainty-aware evaluation for semantic nighttime image segmentation},
  author={Sakaridis, Christos and Dai, Dengxin and Gool, Luc Van},
  booktitle={Proceedings of the IEEE/CVF International Conference on Computer Vision},
  pages={7374--7383},
  year={2019}
}
@inproceedings{sakaridis2021acdc,
  title={ACDC: The adverse conditions dataset with correspondences for semantic driving scene understanding},
  author={Sakaridis, Christos and Dai, Dengxin and Van Gool, Luc},
  booktitle={Proceedings of the IEEE/CVF International Conference on Computer Vision},
  pages={10765--10775},
  year={2021}
}
@inproceedings{tan2016wifinger,
  title={WiFinger: Leveraging commodity WiFi for fine-grained finger gesture recognition},
  author={Tan, Sheng and Yang, Jie},
  booktitle={Proceedings of the 17th ACM international symposium on mobile ad hoc networking and computing},
  pages={201--210},
  year={2016}
}
@inproceedings{yang2018fine,
  title={Fine-grained adaptive location-independent activity recognition using commodity WiFi},
  author={Yang, Jianfei and Zou, Han and Jiang, Hao and Xie, Lihua},
  booktitle={2018 IEEE Wireless Communications and Networking Conference (WCNC)},
  pages={1--6},
  year={2018},
  organization={IEEE}
}
@inproceedings{li2018wifit,
  title={WiFit: Ubiquitous bodyweight exercise monitoring with commodity wi-fi devices},
  author={Li, Shengjie and Li, Xiang and Lv, Qin and Tian, Guiyu and Zhang, Daqing},
  booktitle={2018 IEEE SmartWorld, Ubiquitous Intelligence \& Computing, Advanced \& Trusted Computing, Scalable Computing \& Communications, Cloud \& Big Data Computing, Internet of People and Smart City Innovation (SmartWorld/SCALCOM/UIC/ATC/CBDCom/IOP/SCI)},
  pages={530--537},
  year={2018},
  organization={IEEE}
}
@inproceedings{jiang2018towards,
  title={Towards environment independent device free human activity recognition},
  author={Jiang, Wenjun and Miao, Chenglin and Ma, Fenglong and Yao, Shuochao and Wang, Yaqing and Yuan, Ye and Xue, Hongfei and Song, Chen and Ma, Xin and Koutsonikolas, Dimitrios and others},
  booktitle={Proceedings of the 24th annual international conference on mobile computing and networking},
  pages={289--304},
  year={2018}
}
@inproceedings{ding2020rf,
  title={RF-net: A unified meta-learning framework for RF-enabled one-shot human activity recognition},
  author={Ding, Shuya and Chen, Zhe and Zheng, Tianyue and Luo, Jun},
  booktitle={Proceedings of the 18th Conference on Embedded Networked Sensor Systems},
  pages={517--530},
  year={2020}
}
@article{bhalla2021imu2doppler,
  title={Imu2doppler: Cross-modal domain adaptation for doppler-based activity recognition using imu data},
  author={Bhalla, Sejal and Goel, Mayank and Khurana, Rushil},
  journal={Proceedings of the ACM on Interactive, Mobile, Wearable and Ubiquitous Technologies},
  volume={5},
  number={4},
  pages={1--20},
  year={2021},
  publisher={ACM New York, NY, USA}
}
@inproceedings{zhou2022target,
  title={Target-oriented semi-supervised domain adaptation for WiFi-based HAR},
  author={Zhou, Zhipeng and Wang, Feng and Yu, Jihong and Ren, Ju and Wang, Zhi and Gong, Wei},
  booktitle={IEEE INFOCOM 2022-IEEE Conference on Computer Communications},
  pages={420--429},
  year={2022},
  organization={IEEE}
}
@article{wang2018millimeter,
  title={Millimeter wave communication: A comprehensive survey},
  author={Wang, Xiong and Kong, Linghe and Kong, Fanxin and Qiu, Fudong and Xia, Mingyu and Arnon, Shlomi and Chen, Guihai},
  journal={IEEE Communications Surveys \& Tutorials},
  volume={20},
  number={3},
  pages={1616--1653},
  year={2018},
  publisher={IEEE}
}
@article{liu2023smurf,
  title={SMURF: Spatial multi-representation fusion for 3D object detection with 4D imaging radar},
  author={Liu, Jianan and Zhao, Qiuchi and Xiong, Weiyi and Huang, Tao and Han, Qing-Long and Zhu, Bing},
  journal={IEEE Transactions on Intelligent Vehicles},
  year={2023},
  publisher={IEEE}
}
@article{roos2019radar,
  title={Radar sensors for autonomous driving: Modulation schemes and interference mitigation},
  author={Roos, Fabian and Bechter, Jonathan and Knill, Christina and Schweizer, Benedikt and Waldschmidt, Christian},
  journal={IEEE Microwave Magazine},
  volume={20},
  number={9},
  pages={58--72},
  year={2019},
  publisher={IEEE}
}
@article{morris2021detection,
  title={Detection and localization of unmanned aircraft systems using millimeter-wave automotive radar sensors},
  author={Morris, Peter Joseph Basil and Hari, KVS},
  journal={IEEE Sensors Letters},
  volume={5},
  number={6},
  pages={1--4},
  year={2021},
  publisher={IEEE}
}
@inproceedings{song2014velocity,
  title={The velocity and range detection using the 2D-FFT scheme for automotive radars},
  author={Song, Minki and Lim, Jinsoo and Shin, Dong-Joon},
  booktitle={2014 4th IEEE International Conference on Network Infrastructure and Digital Content},
  pages={507--510},
  year={2014},
  organization={IEEE}
}
@article{gholamalinezhad2020pooling,
  title={Pooling methods in deep neural networks, a review},
  author={Gholamalinezhad, Hossein and Khosravi, Hossein},
  journal={arXiv preprint arXiv:2009.07485},
  year={2020}
}
@inproceedings{ioffe2015batch,
  title={Batch normalization: Accelerating deep network training by reducing internal covariate shift},
  author={Ioffe, Sergey and Szegedy, Christian},
  booktitle={International conference on machine learning},
  pages={448--456},
  year={2015},
  organization={pmlr}
}
@article{srivastava2014dropout,
  title={Dropout: a simple way to prevent neural networks from overfitting},
  author={Srivastava, Nitish and Hinton, Geoffrey and Krizhevsky, Alex and Sutskever, Ilya and Salakhutdinov, Ruslan},
  journal={The journal of machine learning research},
  volume={15},
  number={1},
  pages={1929--1958},
  year={2014},
  publisher={JMLR. org}
}
@article{lecun1998gradient,
  title={Gradient-based learning applied to document recognition},
  author={LeCun, Yann and Bottou, L{\'e}on and Bengio, Yoshua and Haffner, Patrick},
  journal={Proceedings of the IEEE},
  volume={86},
  number={11},
  pages={2278--2324},
  year={1998},
  publisher={Ieee}
}
@article{krizhevsky2012imagenet,
  title={Imagenet classification with deep convolutional neural networks},
  author={Krizhevsky, Alex and Sutskever, Ilya and Hinton, Geoffrey E},
  journal={Advances in neural information processing systems},
  volume={25},
  year={2012}
}
@article{simonyan2014very,
  title={Very deep convolutional networks for large-scale image recognition},
  author={Simonyan, Karen and Zisserman, Andrew},
  journal={arXiv preprint arXiv:1409.1556},
  year={2014}
}
@article{simonyan2014very,
  title={Very deep convolutional networks for large-scale image recognition},
  author={Simonyan, Karen and Zisserman, Andrew},
  journal={arXiv preprint arXiv:1409.1556},
  year={2014}
}
@article{lin2013network,
  title={Network in network},
  author={Lin, Min and Chen, Qiang and Yan, Shuicheng},
  journal={arXiv preprint arXiv:1312.4400},
  year={2013}
}
@inproceedings{szegedy2015going,
  title={Going deeper with convolutions},
  author={Szegedy, Christian and Liu, Wei and Jia, Yangqing and Sermanet, Pierre and Reed, Scott and Anguelov, Dragomir and Erhan, Dumitru and Vanhoucke, Vincent and Rabinovich, Andrew},
  booktitle={Proceedings of the IEEE conference on computer vision and pattern recognition},
  pages={1--9},
  year={2015}
}
@inproceedings{he2016deep,
  title={Deep residual learning for image recognition},
  author={He, Kaiming and Zhang, Xiangyu and Ren, Shaoqing and Sun, Jian},
  booktitle={Proceedings of the IEEE conference on computer vision and pattern recognition},
  pages={770--778},
  year={2016}
}
@article{farahani2021brief,
  title={A brief review of domain adaptation},
  author={Farahani, Abolfazl and Voghoei, Sahar and Rasheed, Khaled and Arabnia, Hamid R},
  journal={Advances in data science and information engineering: proceedings from ICDATA 2020 and IKE 2020},
  pages={877--894},
  year={2021},
  publisher={Springer}
}
@inproceedings{chen2018domain,
  title={Domain adaptive faster r-cnn for object detection in the wild},
  author={Chen, Yuhua and Li, Wen and Sakaridis, Christos and Dai, Dengxin and Van Gool, Luc},
  booktitle={Proceedings of the IEEE conference on computer vision and pattern recognition},
  pages={3339--3348},
  year={2018}
}
@inproceedings{guo2020multi,
  title={Multi-source domain adaptation for text classification via distancenet-bandits},
  author={Guo, Han and Pasunuru, Ramakanth and Bansal, Mohit},
  booktitle={Proceedings of the AAAI conference on artificial intelligence},
  volume={34},
  number={05},
  pages={7830--7838},
  year={2020}
}
@article{sun2017unsupervised,
  title={An unsupervised deep domain adaptation approach for robust speech recognition},
  author={Sun, Sining and Zhang, Binbin and Xie, Lei and Zhang, Yanning},
  journal={Neurocomputing},
  volume={257},
  pages={79--87},
  year={2017},
  publisher={Elsevier}
}
@inproceedings{long2015learning,
  title={Learning transferable features with deep adaptation networks},
  author={Long, Mingsheng and Cao, Yue and Wang, Jianmin and Jordan, Michael},
  booktitle={International conference on machine learning},
  pages={97--105},
  year={2015},
  organization={PMLR}
}
@article{zhang2015deep,
  title={Deep transfer network: Unsupervised domain adaptation},
  author={Zhang, Xu and Yu, Felix Xinnan and Chang, Shih-Fu and Wang, Shengjin},
  journal={arXiv preprint arXiv:1503.00591},
  year={2015}
}
@inproceedings{ghifary2016deep,
  title={Deep reconstruction-classification networks for unsupervised domain adaptation},
  author={Ghifary, Muhammad and Kleijn, W Bastiaan and Zhang, Mengjie and Balduzzi, David and Li, Wen},
  booktitle={Computer Vision--ECCV 2016: 14th European Conference, Amsterdam, The Netherlands, October 11--14, 2016, Proceedings, Part IV 14},
  pages={597--613},
  year={2016},
  organization={Springer}
}
@article{bousmalis2016domain,
  title={Domain separation networks},
  author={Bousmalis, Konstantinos and Trigeorgis, George and Silberman, Nathan and Krishnan, Dilip and Erhan, Dumitru},
  journal={Advances in neural information processing systems},
  volume={29},
  year={2016}
}
@inproceedings{ganin2015unsupervised,
  title={Unsupervised domain adaptation by backpropagation},
  author={Ganin, Yaroslav and Lempitsky, Victor},
  booktitle={International conference on machine learning},
  pages={1180--1189},
  year={2015},
  organization={PMLR}
}
@inproceedings{tzeng2017adversarial,
  title={Adversarial discriminative domain adaptation},
  author={Tzeng, Eric and Hoffman, Judy and Saenko, Kate and Darrell, Trevor},
  booktitle={Proceedings of the IEEE conference on computer vision and pattern recognition},
  pages={7167--7176},
  year={2017}
}
@inproceedings{pei2018multi,
  title={Multi-adversarial domain adaptation},
  author={Pei, Zhongyi and Cao, Zhangjie and Long, Mingsheng and Wang, Jianmin},
  booktitle={Proceedings of the AAAI conference on artificial intelligence},
  volume={32},
  number={1},
  year={2018}
}